@online{Illinois,
    title = {An Overview of Meat Consumption in the United States},
    author = {Kuck, Gretchen and Schnitkey, Gary},
    url = {https://farmdocdaily.illinois.edu/2021/05/an-overview-of-meat-consumption-in-the-united-states.html#:~:text=From%201999%20to%202006%2C%20meat,pounds%20per%20person%20in%202020.},
    year = {2021}
}

@online{31_Percent,
    title = {Meat and Poultry Plants Employed Nearly 31 Percent of U.S. Food and Beverage Manufacturing Workers in 2021},
    author = {U.S. Department of Agriculture},
    url = {https://www.ers.usda.gov/data-products/chart-gallery/gallery/chart-detail/?chartId=106049},
    year = {2021}
}

@online{Economic_Policy_Institute,
    title = {Who Are America’s Meat and Poultry Workers?},
    author = {Stuesse, Angela and Dollar, Nathan T.},
    url = {https://www.epi.org/blog/meat-and-poultry-worker-demographics/},
    year = {2020}
}

@online{Brownfield,
    title = {Low Unemployment Rate Could Implact Meat Production Capacity},
    author = {Grebner, Meghan},
    url = {https://www.brownfieldagnews.com/news/low-unemployment-rate-could-impact-meat-production-capacity/},
    year = {2018}
}

@online{T_SMOTE,
    title = {T-SMOTE: Temporal-oriented Synthetic Minority Oversampling Technique for Imbalanced Time Series Classifcation},
    author = {Pu Zhao, Chuan Luo, Bo Qiao, Lu Wang, Saravan Rajmohan, Qingwei Lin, and Dongmei Zhang},
    url = {https://www.ijcai.org/proceedings/2022/0334.pdf},
    year = {2022}
}

@article{Plant_Based,
    author = {Morais-da-Silva, R.L., Villar, E.G., Reis, G.G. et al.},
    title = {The expected impact of cultivated and plant-based meats on jobs: the views of experts from Brazil, the United States and Europe},
    journal = {Humanities and Social Sciences Communications},
    year = 2022
}


@article{Davidescu2021ComparativeAO,
  title={Comparative Analysis of Different Univariate Forecasting Methods in Modelling and Predicting the Romanian Unemployment Rate for the Period 2021–2022},
  author={Adriana Anamaria Davidescu and Simona-Andreea Apostu and Andreea Paul},
  journal={Entropy},
  year={2021},
  volume={23},
  url={https://api.semanticscholar.org/CorpusID:232385406}
}

@online{State_Population,
    title = {State Population Totals and Components of Change: 2020-2023},
    author = {United States Census Bureau},
    url = {https://www.census.gov/data/tables/time-series/demo/popest/2020s-state-total.html},
    year = {2023}
}

@book{HyndmanAthanasopoulos2021,
  author    = {Hyndman, R.J. and Athanasopoulos, G.},
  title     = {Forecasting: principles and practice},
  edition   = {3rd},
  year      = {2021},
  publisher = {OTexts},
  address   = {Melbourne, Australia},
  url       = {https://OTexts.com/fpp3},
  note      = {Accessed on \today}
}

@book{box2015time,
  title={Time Series Analysis: Forecasting and Control},
  author={Box, G.E.P. and Jenkins, G.M. and Reinsel, G.C. and Ljung, G.M.},
  isbn={9781118674925},
  lccn={2015016616},
  series={Wiley Series in Probability and Statistics},
  url={https://books.google.com/books?id=rNt5CgAAQBAJ},
  year={2015},
  publisher={Wiley}
}


@inproceedings{seabold2010statsmodels,
  title={statsmodels: Econometric and statistical modeling with python},
  author={Seabold, Skipper and Perktold, Josef},
  booktitle={9th Python in Science Conference},
  year={2010},
}
